
@misc{lopez_mendoza_agile_2021,
	title = {Agile {Inception}: {Qué} es y cómo ejecutarlo {\textbar} {OpenWebinars}},
	url = {https://openwebinars.net/blog/agile-inception-que-es-y-como-ejecutarlo/},
	urldate = {2022-10-24},
	journal = {OpenWebinars},
	author = {López Mendoza, Marvin},
	month = apr,
	year = {2021},
}

@book{rasmusson_agile_2010,
	address = {Dallas},
	title = {The {Agile} {Samurai}},
	isbn = {978-1-934356-58-6},
	language = {English},
	urldate = {2022-10-24},
	publisher = {The Pragmatic Bookshelf},
	author = {Rasmusson, Jonathan},
	year = {2010},
}

@article{schmidt_introducing_2018,
	title = {Introducing {WESAD}, a {Multimodal} {Dataset} {forWearable} {Stress} and {Affect} {Detection}},
	journal = {ICMI’18},
	author = {Schmidt, Philip and Reiss, Attila and Duerichen, Robert and Marberger, Claus and Van Laerhoven, Kristof},
	month = oct,
	year = {2018},
}

@article{boukhechba_demonicsalmon_2018,
	title = {{DemonicSalmon}: {Monitoring} mental health and social interactions of college students using smartphones},
	journal = {Smart Health, 9-10},
	author = {Boukhechba, Mehdi and Daros, Alexander R. and Fua, Karl and Chow, Philip I. and Teachman, Bethany A. and E. Barnes, Laura},
	year = {2018},
}

@article{hickey_smart_2021,
	title = {Smart {Devices} {andWearable} {Technologies} to {Detect} and {Monitor} {Mental} {Health} {Conditions} and {Stress}: {A} {Systematic} {Review}},
	journal = {Sensors},
	author = {Hickey, Blake Anthony and Chalmers, Taryn and Newton, Philip and Lin, Chin-Teng and Sibbritt, David and McLachlan, Craig S. and Clifton-Bligh, Roderick and Morley, John and Lal, Sara},
	year = {2021},
}

@article{rui_studentlife_2014,
	title = {{StudentLife}: {Assessing} {Mental} {Health}, {Academic} {Performance} and {Behavioral} {Trends} of {College} {Students} using {Smartphones}},
	journal = {Ubicomp},
	author = {Rui, Wang and Fanglin, Chen and Zhenyu, Chen and Tianxing, Li and Harari, Gabriella and Tignor, Stefanie and Xia, Zhou and Ben-Zeev, Dror and Campbell, Andrew T.},
	year = {2014},
}

@misc{redhat_que_2022,
	title = {¿{Qué} son la integración/distribución continuas ({CI}/{CD})?},
	url = {https://www.redhat.com/es/topics/devops/what-is-ci-cd},
	abstract = {La integración y la distribución continuas (CI/CD) incorporan la automatización y la supervisión permanentes en todo el ciclo de vida de las aplicaciones, desde las etapas de integración y prueba hasta las de distribución e implementación.},
	language = {es},
	urldate = {2022-12-16},
	author = {Redhat},
	month = may,
	year = {2022},
	file = {Snapshot:C\:\\Users\\Victor\\Zotero\\storage\\B9QRJIU8\\what-is-ci-cd.html:text/html},
}

@misc{beservices_integracion_nodate,
	title = {Integración continua del software ¿{Qué} significan las siglas {CI} {CD}? {\textbar} {beServices}},
	shorttitle = {Integración continua del software ¿{Qué} significan las siglas {CI} {CD}?},
	url = {https://www.beservices.es/ci-cd-que-es-n-5488-es},
	abstract = {La organización en la programación de aplicaciones es vital para el correcto desarrollo de las mismas. Uno de los esquemas de trabajo más utilizados para la integración contínua del software es la metodología CI y CD: ¿Sabes qué significan? Te lo contamos en nuestro artículo.},
	language = {es},
	urldate = {2022-12-16},
	author = {beServices},
	file = {Snapshot:C\:\\Users\\Victor\\Zotero\\storage\\N7G9KP2Y\\ci-cd-que-es-n-5488-es.html:text/html},
}

@misc{android_developers_jetpack_nodate,
	title = {Jetpack {Compose}, el kit de herramientas para el desarrollo de {IU} de apps - {Android} {Developers} {\textbar} {Jetpack} {Compose}},
	url = {https://developer.android.com/jetpack/compose?hl=es-419},
	abstract = {Descubre Jetpack Compose, el kit de herramientas y recursos de desarrollo de IU para apps de Android que puede ayudarte a acelerar la creación de tu app.},
	language = {es-419},
	urldate = {2023-06-20},
	journal = {Android Developers},
	author = {Android Developers},
	file = {Snapshot:C\:\\Users\\Victor\\Zotero\\storage\\7HJEF7UC\\compose.html:text/html},
}

@misc{paradigma_digital_introduccion_nodate,
	title = {Introducción a {Jetpack} {Compose}},
	url = {https://www.paradigmadigital.com/dev/introduccion-jetpack-compose/},
	abstract = {¿Qué es Jetpack Compose? ¿Por qué utilizarlo? Os contamos una introducción de este sistema de creación de interfaces declarativas y los primeros pasos…},
	language = {es},
	urldate = {2023-06-20},
	author = {Paradigma Digital},
	file = {Snapshot:C\:\\Users\\Victor\\Zotero\\storage\\YBCT37JL\\introduccion-jetpack-compose.html:text/html},
}

@misc{salamanca_geopolitica_2023,
	title = {La geopolítica de los papers: conocimiento libre contra la millonaria industria de las revistas académicas},
	shorttitle = {La geopolítica de los papers},
	url = {https://elordenmundial.com/sci-hub-revistas-academicas-lucha-guerrillera-industria-millonaria/},
	abstract = {Las bibliotecas pirata y el acceso abierto buscan liberar el conocimiento de una industria académica que lo cobra y no lo paga},
	language = {es},
	urldate = {2023-06-24},
	journal = {El Orden Mundial - EOM},
	author = {Salamanca, Alejandro},
	month = mar,
	year = {2023},
	file = {Snapshot:C\:\\Users\\Victor\\Zotero\\storage\\PVIAJIUV\\sci-hub-revistas-academicas-lucha-guerrillera-industria-millonaria.html:text/html},
}
