
@misc{lopez_mendoza_agile_2021,
	title = {Agile {Inception}: {Qué} es y cómo ejecutarlo {\textbar} {OpenWebinars}},
	url = {https://openwebinars.net/blog/agile-inception-que-es-y-como-ejecutarlo/},
	urldate = {2022-10-24},
	journal = {OpenWebinars},
	author = {López Mendoza, Marvin},
	month = apr,
	year = {2021},
}

@book{rasmusson_agile_2010,
	address = {Dallas},
	title = {The {Agile} {Samurai}},
	isbn = {978-1-934356-58-6},
	language = {English},
	urldate = {2022-10-24},
	publisher = {The Pragmatic Bookshelf},
	author = {Rasmusson, Jonathan},
	year = {2010},
}

@article{schmidt_introducing_2018,
	title = {Introducing {WESAD}, a {Multimodal} {Dataset} {forWearable} {Stress} and {Affect} {Detection}},
	journal = {ICMI’18},
	author = {Schmidt, Philip and Reiss, Attila and Duerichen, Robert and Marberger, Claus and Van Laerhoven, Kristof},
	month = oct,
	year = {2018},
}

@article{boukhechba_demonicsalmon_2018,
	title = {{DemonicSalmon}: {Monitoring} mental health and social interactions of college students using smartphones},
	journal = {Smart Health, 9-10},
	author = {Boukhechba, Mehdi and Daros, Alexander R. and Fua, Karl and Chow, Philip I. and Teachman, Bethany A. and E. Barnes, Laura},
	year = {2018},
}

@article{hickey_smart_2021,
	title = {Smart {Devices} {andWearable} {Technologies} to {Detect} and {Monitor} {Mental} {Health} {Conditions} and {Stress}: {A} {Systematic} {Review}},
	journal = {Sensors},
	author = {Hickey, Blake Anthony and Chalmers, Taryn and Newton, Philip and Lin, Chin-Teng and Sibbritt, David and McLachlan, Craig S. and Clifton-Bligh, Roderick and Morley, John and Lal, Sara},
	year = {2021},
}

@article{rui_studentlife_2014,
	title = {{StudentLife}: {Assessing} {Mental} {Health}, {Academic} {Performance} and {Behavioral} {Trends} of {College} {Students} using {Smartphones}},
	journal = {Ubicomp},
	author = {Rui, Wang and Fanglin, Chen and Zhenyu, Chen and Tianxing, Li and Harari, Gabriella and Tignor, Stefanie and Xia, Zhou and Ben-Zeev, Dror and Campbell, Andrew T.},
	year = {2014},
}

@misc{redhat_que_2022,
	title = {¿{Qué} son la integración/distribución continuas ({CI}/{CD})?},
	url = {https://www.redhat.com/es/topics/devops/what-is-ci-cd},
	abstract = {La integración y la distribución continuas (CI/CD) incorporan la automatización y la supervisión permanentes en todo el ciclo de vida de las aplicaciones, desde las etapas de integración y prueba hasta las de distribución e implementación.},
	language = {es},
	urldate = {2022-12-16},
	author = {Redhat},
	month = may,
	year = {2022},
	file = {Snapshot:C\:\\Users\\Victor\\Zotero\\storage\\B9QRJIU8\\what-is-ci-cd.html:text/html},
}

@misc{beservices_integracion_nodate,
	title = {Integración continua del software ¿{Qué} significan las siglas {CI} {CD}? {\textbar} {beServices}},
	shorttitle = {Integración continua del software ¿{Qué} significan las siglas {CI} {CD}?},
	url = {https://www.beservices.es/ci-cd-que-es-n-5488-es},
	abstract = {La organización en la programación de aplicaciones es vital para el correcto desarrollo de las mismas. Uno de los esquemas de trabajo más utilizados para la integración contínua del software es la metodología CI y CD: ¿Sabes qué significan? Te lo contamos en nuestro artículo.},
	language = {es},
	urldate = {2022-12-16},
	author = {beServices},
	file = {Snapshot:C\:\\Users\\Victor\\Zotero\\storage\\N7G9KP2Y\\ci-cd-que-es-n-5488-es.html:text/html},
}

@misc{android_developers_jetpack_nodate,
	title = {Jetpack {Compose}, el kit de herramientas para el desarrollo de {IU} de apps - {Android} {Developers} {\textbar} {Jetpack} {Compose}},
	url = {https://developer.android.com/jetpack/compose?hl=es-419},
	abstract = {Descubre Jetpack Compose, el kit de herramientas y recursos de desarrollo de IU para apps de Android que puede ayudarte a acelerar la creación de tu app.},
	language = {es-419},
	urldate = {2023-06-20},
	journal = {Android Developers},
	author = {Android Developers},
	file = {Snapshot:C\:\\Users\\Victor\\Zotero\\storage\\7HJEF7UC\\compose.html:text/html},
}

@misc{paradigma_digital_introduccion_nodate,
	title = {Introducción a {Jetpack} {Compose}},
	url = {https://www.paradigmadigital.com/dev/introduccion-jetpack-compose/},
	abstract = {¿Qué es Jetpack Compose? ¿Por qué utilizarlo? Os contamos una introducción de este sistema de creación de interfaces declarativas y los primeros pasos…},
	language = {es},
	urldate = {2023-06-20},
	author = {Paradigma Digital},
	file = {Snapshot:C\:\\Users\\Victor\\Zotero\\storage\\YBCT37JL\\introduccion-jetpack-compose.html:text/html},
}

@misc{salamanca_geopolitica_2023,
	title = {La geopolítica de los papers: conocimiento libre contra la millonaria industria de las revistas académicas},
	shorttitle = {La geopolítica de los papers},
	url = {https://elordenmundial.com/sci-hub-revistas-academicas-lucha-guerrillera-industria-millonaria/},
	abstract = {Las bibliotecas pirata y el acceso abierto buscan liberar el conocimiento de una industria académica que lo cobra y no lo paga},
	language = {es},
	urldate = {2023-06-24},
	journal = {El Orden Mundial - EOM},
	author = {Salamanca, Alejandro},
	month = mar,
	year = {2023},
	file = {Snapshot:C\:\\Users\\Victor\\Zotero\\storage\\PVIAJIUV\\sci-hub-revistas-academicas-lucha-guerrillera-industria-millonaria.html:text/html},
}

@article{gallagher_open_2020,
	title = {Open {Science} principles for accelerating trait-based science across the {Tree} of {Life}},
	volume = {4},
	issn = {2397-334X},
	url = {https://www.nature.com/articles/s41559-020-1109-6},
	doi = {10.1038/s41559-020-1109-6},
	language = {es},
	number = {3},
	urldate = {2023-06-24},
	journal = {Nature Ecology \& Evolution},
	author = {Gallagher, Rachael V. and Falster, Daniel S. and Maitner, Brian S. and Salguero-Gómez, Roberto and Vandvik, Vigdis and Pearse, William D. and Schneider, Florian D. and Kattge, Jens and Poelen, Jorrit H. and Madin, Joshua S. and Ankenbrand, Markus J. and Penone, Caterina and Feng, Xiao and Adams, Vanessa M. and Alroy, John and Andrew, Samuel C. and Balk, Meghan A. and Bland, Lucie M. and Boyle, Brad L. and Bravo-Avila, Catherine H. and Brennan, Ian and Carthey, Alexandra J. R. and Catullo, Renee and Cavazos, Brittany R. and Conde, Dalia A. and Chown, Steven L. and Fadrique, Belen and Gibb, Heloise and Halbritter, Aud H. and Hammock, Jennifer and Hogan, J. Aaron and Holewa, Hamish and Hope, Michael and Iversen, Colleen M. and Jochum, Malte and Kearney, Michael and Keller, Alexander and Mabee, Paula and Manning, Peter and McCormack, Luke and Michaletz, Sean T. and Park, Daniel S. and Perez, Timothy M. and Pineda-Munoz, Silvia and Ray, Courtenay A. and Rossetto, Maurizio and Sauquet, Hervé and Sparrow, Benjamin and Spasojevic, Marko J. and Telford, Richard J. and Tobias, Joseph A. and Violle, Cyrille and Walls, Ramona and Weiss, Katherine C. B. and Westoby, Mark and Wright, Ian J. and Enquist, Brian J.},
	month = feb,
	year = {2020},
	pages = {294--303},
	file = {Gallagher et al. - 2020 - Open Science principles for accelerating trait-bas.pdf:C\:\\Users\\Victor\\Zotero\\storage\\Y5J76XUW\\Gallagher et al. - 2020 - Open Science principles for accelerating trait-bas.pdf:application/pdf},
}

@misc{adeva_android_2023,
	title = {Android: qué es, versiones, aplicaciones y cómo saber la versión instalada},
	shorttitle = {Android},
	url = {https://www.adslzone.net/reportajes/software/que-es-android/},
	abstract = {Todo lo que debes saber sobre el sistema operativo de Google para dispositivos móviles. Qué es Android, versiones, apps y cómo saber la versión de tu móvil},
	language = {es},
	urldate = {2023-06-26},
	journal = {ADSLZone},
	author = {Adeva, Roberto},
	month = feb,
	year = {2023},
	file = {Snapshot:C\:\\Users\\Victor\\Zotero\\storage\\LP5XPLM4\\que-es-android.html:text/html},
}

@misc{oryl_t-mobile_2008,
	title = {T-{Mobile} {G1} {Launch} {Event}},
	url = {https://commons.wikimedia.org/wiki/File:T-Mobile_G1_launch_event_2.jpg},
	urldate = {2023-06-26},
	author = {Oryl, Michael},
	month = sep,
	year = {2008},
	file = {Wikimedia Snapshot:C\:\\Users\\Victor\\Zotero\\storage\\QZNSAY5B\\FileT-Mobile_G1_launch_event_2.html:text/html},
}

@misc{press_asi_2023,
	title = {Así se reparten {Android} e {iOS} el mercado global de sistemas operativos móviles},
	url = {https://www.europapress.es/portaltic/software/noticia-asi-reparten-android-ios-mercado-global-sistemas-operativos-moviles-20230404123515.html},
	abstract = {Android domina el panorama internacional de los sistemas operativos móviles con una cuota de mercado del 71...},
	language = {(SCHEME=ISO639) es},
	urldate = {2023-06-26},
	author = {Press, Europa},
	month = apr,
	year = {2023},
	note = {Publisher: Europa Press},
	file = {Snapshot:C\:\\Users\\Victor\\Zotero\\storage\\ME44BJG6\\noticia-asi-reparten-android-ios-mercado-global-sistemas-operativos-moviles-20230404123515.html:text/html},
}

@misc{belinski_android_nodate,
	title = {Android {API} {Levels}},
	url = {https://apilevels.com/},
	abstract = {A quick reference table of Android versions with SDK \& API levels, version codes, codenames, cumulative usage, and more.},
	urldate = {2023-06-26},
	author = {Belinski, Eugene},
	file = {Snapshot:C\:\\Users\\Victor\\Zotero\\storage\\YJ9GZXU5\\apilevels.com.html:text/html},
}

@misc{marquez_asi_2022,
	title = {Así era el {HTC} {Dream}, el primer teléfono de la historia con {Android} (y sí, tenía teclado {QWERTY})},
	url = {https://www.xataka.com/moviles/asi-era-htc-dream-primer-telefono-historia-android-tenia-teclado-qwerty},
	abstract = {¿Te imaginas tu vida sin un teléfono móvil? Posiblemente la respuesta sea que no. Es que vivimos en un mundo cada vez más conectado en el que estos...},
	language = {es},
	urldate = {2023-06-26},
	journal = {Xataka},
	author = {Marquez, Javier},
	month = may,
	year = {2022},
	note = {Section: moviles},
	file = {Snapshot:C\:\\Users\\Victor\\Zotero\\storage\\HXV54E7I\\asi-era-htc-dream-primer-telefono-historia-android-tenia-teclado-qwerty.html:text/html},
}

@misc{collado_que_2022,
	title = {Qué es {AOSP}: así funciona el {Android} sin {Google}},
	shorttitle = {Qué es {AOSP}},
	url = {https://www.lavanguardia.com/andro4all/android/que-es-aosp-asi-funciona-el-android-sin-google},
	abstract = {Cuando decimos que Android es un sistema operativo libre y abierto, nos referimos a que el código fuente del sistema operativo es público, y cualquiera puede ac},
	language = {es},
	urldate = {2023-06-26},
	journal = {Andro4all},
	author = {Collado, Christian},
	month = may,
	year = {2022},
	file = {Snapshot:C\:\\Users\\Victor\\Zotero\\storage\\43YAXKIM\\que-es-aosp-asi-funciona-el-android-sin-google.html:text/html},
}

@misc{vulcansphere_english_2019,
	title = {English:  {The} {Android} logo as of 2019},
	copyright = {Public domain},
	shorttitle = {English},
	url = {https://commons.wikimedia.org/wiki/File:Android_logo_2019_(stacked).svg},
	urldate = {2023-06-26},
	author = {VulcanSphere, vectorised by CMetalCore {and} optimised by, Google LLC},
	month = aug,
	year = {2019},
	file = {Wikimedia Snapshot:C\:\\Users\\Victor\\Zotero\\storage\\8S2ELM3H\\FileAndroid_logo_2019_(stacked).html:text/html},
}

@misc{perez_aosp_2019,
	title = {{AOSP}: así es el {Android} 'open source' sin {Google} que queda como opción para {Huawei}},
	shorttitle = {{AOSP}},
	url = {https://www.xataka.com/aplicaciones/aosp-asi-al-android-open-source-google-que-queda-como-opcion-para-huawei},
	abstract = {El conflicto entre Google y Huawei puede servir para comprobar la verdadera naturaleza abierta de Android. Desde sus inicios, Google lo presentó como un...},
	language = {es},
	urldate = {2023-06-26},
	journal = {Xataka},
	author = {Pérez, Enrique},
	month = may,
	year = {2019},
	note = {Section: aplicaciones},
	file = {Snapshot:C\:\\Users\\Victor\\Zotero\\storage\\6RRV7SRH\\aosp-asi-al-android-open-source-google-que-queda-como-opcion-para-huawei.html:text/html},
}

@misc{android_developers_como_nodate,
	title = {Cómo agregar código {C} y {C}++ a un proyecto {\textbar} {Android} {Studio}},
	url = {https://developer.android.com/studio/projects/add-native-code?hl=es-419},
	abstract = {Obtén más información para agregar código C y C++ a tu proyecto de Android.},
	language = {es-419},
	urldate = {2023-06-26},
	journal = {Android Developers},
	author = {Android Developers},
	file = {Snapshot:C\:\\Users\\Victor\\Zotero\\storage\\S83XNBR7\\add-native-code.html:text/html},
}
